@article{example2024,
  author={Author, A. and Writer, B.},
  title={An Example Paper Title},
  journal={Journal of Examples},
  year={2024},
  volume={1},
  number={1},
  pages={1--10}
} 